@inproceedings{virtanen2000separation,
  title={Separation of harmonic sound sources using sinusoidal modeling},
  author={Virtanen, Tuomas and Klapuri, Anssi},
  booktitle={Acoustics, Speech, and Signal Processing, 2000. ICASSP'00. Proceedings. 2000 IEEE International Conference on},
  volume={2},
  pages={II765--II768},
  year={2000},
  organization={IEEE}
}

@inproceedings{virtanen2003sound,
  title={Sound Source Separation Using Sparse Coding with Temporal Continuity Objective.},
  author={Virtanen, Tuomas},
  booktitle={ICMC},
  pages={231--234},
  year={2003}
}

@misc{juce,
  title={JUCE},
  howpublished={\url{http://www.juce.com}},
  note={Accessed: 2017-03-19}
}

@article{cherry1953some,
  title={Some experiments on the recognition of speech, with one and with two ears},
  author={Cherry, E Colin},
  journal={The Journal of the acoustical society of America},
  volume={25},
  number={5},
  pages={975--979},
  year={1953},
  publisher={ASA}
}

@article{hadamard1902problemes,
  title={Sur les probl{\`e}mes aux d{\'e}riv{\'e}es partielles et leur signification physique},
  author={Hadamard, Jacques},
  journal={Princeton university bulletin},
  volume={13},
  number={49-52},
  pages={28},
  year={1902}
}

@misc{melodyne,
  title={Celemony},
  howpublished={\url{http://www.celemony.com/en/start}},
  note={Accessed: 2017-03-19}
}

@misc{spatralayers,
  title={SpectraLayers Pro},
  howpublished={\url{http://www.magix-audio.com/gb/spectralayers-pro/}},
  note={Accessed: 2017-03-19}
}

@book{bregman1994auditory,
  title={Auditory scene analysis: The perceptual organization of sound},
  author={Bregman, Albert S},
  year={1994},
  publisher={MIT press}
}

@misc{philharmonia,
  title={Philharmonia Orchestra Sound Samples},
  howpublished={\url{http://www.philharmonia.co.uk/explore/sound_samples}},
  note={Accessed: 2017-03-19}
}

@misc{audacity,
  title={Audacity},
  howpublished={\url{http://www.audacityteam.org/}},
  note={Accessed: 2017-03-19}
}

@misc{fftw,
  title={FFTW},
  howpublished={\url{http://www.fftw.org/}},
  note={Accessed: 2017-03-19}
}

@inproceedings{lee2001algorithms,
  title={Algorithms for non-negative matrix factorization},
  author={Lee, Daniel D and Seung, H Sebastian},
  booktitle={Advances in neural information processing systems},
  pages={556--562},
  year={2001}
}

@article{vincent2006performance,
  title={Performance measurement in blind audio source separation},
  author={Vincent, Emmanuel and Gribonval, R{\'e}mi and F{\'e}votte, C{\'e}dric},
  journal={IEEE transactions on audio, speech, and language processing},
  volume={14},
  number={4},
  pages={1462--1469},
  year={2006},
  publisher={IEEE}
}

@article{noll1967cepstrum,
  title={Cepstrum pitch determination},
  author={Noll, A Michael},
  journal={The journal of the acoustical society of America},
  volume={41},
  number={2},
  pages={293--309},
  year={1967},
  publisher={ASA}
}

@article{schroeder1975models,
  title={Models of hearing},
  author={Schroeder, Manfred R},
  journal={Proceedings of the IEEE},
  volume={63},
  number={9},
  pages={1332--1350},
  year={1975},
  publisher={IEEE}
}

@article{lloyd1982least,
  title={Least squares quantization in PCM},
  author={Lloyd, Stuart},
  journal={IEEE transactions on information theory},
  volume={28},
  number={2},
  pages={129--137},
  year={1982},
  publisher={IEEE}
}

@book{mackay2003information,
  title={Information theory, inference and learning algorithms},
  author={MacKay, David JC},
  year={2003},
  publisher={Cambridge university press},
  chapter={20.2},
  edition={Fourth (Version 7.2)}
}

@inproceedings{xu2003document,
  title={Document clustering based on non-negative matrix factorization},
  author={Xu, Wei and Liu, Xin and Gong, Yihong},
  booktitle={Proceedings of the 26th annual international ACM SIGIR conference on Research and development in informaion retrieval},
  pages={267--273},
  year={2003},
  organization={ACM}
}

@book{gelfand1998hearing,
  title={Hearing: An introduction to psychological and physiological acoustics},
  author={Gelfand, Stanley A and Levitt, Harry},
  volume={4},
  year={1998},
  publisher={Marcel Dekker New York},
  chapter={9},
  edition={Fifth}
}

@article{shailer1983gap,
  title={Gap detection as a function of frequency, bandwidth, and level},
  author={Shailer, Michael J and Moore, Brian CJ},
  journal={The Journal of the Acoustical Society of America},
  volume={74},
  number={2},
  pages={467--473},
  year={1983},
  publisher={ASA}
}

@inproceedings{virtanen2003algorithm,
  title={Algorithm for the separation of harmonic sounds with time-frequency smoothness constraint},
  author={Virtanen, Tuomas},
  booktitle={Proc. Int. Conf. on Digital Audio Effects (DAFx)},
  pages={35--40},
  year={2003}
}

@inproceedings{badeau2011gaussian,
  title={Gaussian modeling of mixtures of non-stationary signals in the time-frequency domain (HR-NMF)},
  author={Badeau, Roland},
  booktitle={Applications of Signal Processing to Audio and Acoustics (WASPAA), 2011 IEEE Workshop on},
  pages={253--256},
  year={2011},
  organization={IEEE}
}

@inproceedings{schmidt2006single,
  title={Single-channel speech separation using sparse non-negative matrix factorization},
  author={Schmidt, Mikkel N and Olsson, Rasmus Kongsgaard},
  booktitle={Spoken Language Proceesing, ISCA International Conference on (INTERSPEECH)},
  year={2006}
}

@article{blauert1978group,
  title={Group delay distortions in electroacoustical systems},
  author={Blauert, J and Laws, P},
  journal={The Journal of the Acoustical Society of America},
  volume={63},
  number={5},
  pages={1478--1483},
  year={1978},
  publisher={ASA}
}

@article{sorensen1987real,
  title={Real-valued fast Fourier transform algorithms},
  author={Sorensen, H V and Jones, D and Heideman, Michael and Burrus, C},
  journal={IEEE Transactions on Acoustics, Speech, and Signal Processing},
  volume={35},
  number={6},
  pages={849--863},
  year={1987},
  publisher={IEEE}
}

@article{hartley1942more,
  title={A more symmetrical Fourier analysis applied to transmission problems},
  author={Hartley, Ralph VL},
  journal={Proceedings of the IRE},
  volume={30},
  number={3},
  pages={144--150},
  year={1942},
  publisher={IEEE}
}

@book{fries2005digital,
  title={Digital audio essentials},
  author={Fries, Bruce and Fries, Marty},
  year={2005},
  publisher={" O'Reilly Media, Inc."}
}

@article{killion2004development,
  title={Development of a quick speech-in-noise test for measuring signal-to-noise ratio loss in normal-hearing and hearing-impaired listeners},
  author={Killion, Mead C and Niquette, Patricia A and Gudmundsen, Gail I and Revit, Lawrence J and Banerjee, Shilpi},
  journal={The Journal of the Acoustical Society of America},
  volume={116},
  number={4},
  pages={2395--2405},
  year={2004},
  publisher={ASA}
}

@article{miller1955analysis,
  title={An analysis of perceptual confusions among some English consonants},
  author={Miller, George A and Nicely, Patricia E},
  journal={The Journal of the Acoustical Society of America},
  volume={27},
  number={2},
  pages={338--352},
  year={1955},
  publisher={ASA}
}